@Book{Schechter1997,
  author     = {Schechter, Eric},
  publisher  = {Academic Press, Inc., San Diego, CA},
  title      = {Handbook of analysis and its foundations},
  year       = {1997},
  isbn       = {0-12-622760-8},
  mrclass    = {00A20 (00A05 03-01 04-01 46-01 54-01)},
  mrnumber   = {1417259},
  mrreviewer = {James\ Bell\ Cooper},
  pages      = {xxii+883},
}

@Book{Rudin1991,
  author    = {Rudin, Walter},
  publisher = {McGraw-Hill, Inc., New York},
  title     = {Functional analysis},
  year      = {1991},
  edition   = {Second},
  isbn      = {0-07-054236-8},
  series    = {International Series in Pure and Applied Mathematics},
  mrclass   = {46-01 (47-01)},
  mrnumber  = {1157815},
  pages     = {xviii+424},
}

@Misc{enwiki:1184317836,
  author = {{Wikipedia contributors}},
  note   = {[Online; accessed 22-August-2024]},
  title  = {Minkowski functional --- {Wikipedia}{,} The Free Encyclopedia},
  year   = {2023},
  url    = {https://en.wikipedia.org/w/index.php?title=Minkowski_functional&oldid=1184317836},
}

@Comment{jabref-meta: databaseType:bibtex;}
