@Book{MR1256736,
  author     = {Dvure\v{c}enskij, Anatolij},
  publisher  = {Kluwer Academic Publishers Group, Dordrecht; Ister Science Press, Bratislava},
  title      = {Gleason's theorem and its applications},
  year       = {1993},
  isbn       = {0-7923-1990-7},
  series     = {Mathematics and its Applications (East European Series)},
  volume     = {60},
  doi        = {10.1007/978-94-015-8222-3},
  groups     = {QM},
  mrclass    = {46L30 (06C15 46L50 46N50 47N50 81P10)},
  mrnumber   = {1256736},
  mrreviewer = {S.\ Gudder},
  pages      = {xvi+325},
  url        = {https://doi-org-ssl.libproxy.snu.ac.kr/10.1007/978-94-015-8222-3},
}
@Book{MR2015280,
  author     = {Hamhalter, Jan},
  publisher  = {Kluwer Academic Publishers Group, Dordrecht},
  title      = {Quantum measure theory},
  year       = {2003},
  isbn       = {1-4020-1714-6},
  series     = {Fundamental Theories of Physics},
  volume     = {134},
  doi        = {10.1007/978-94-017-0119-8},
  groups     = {QM},
  mrclass    = {46L51 (46G10 46L10 46L89 46N50 81Q10)},
  mrnumber   = {2015280},
  mrreviewer = {J.\ D. Maitland Wright},
  pages      = {viii+410},
  url        = {https://doi-org-ssl.libproxy.snu.ac.kr/10.1007/978-94-017-0119-8},
}
@misc{redei2006quantumprobabilitytheory,
      title={Quantum Probability Theory}, 
      author={Miklos Redei and Stephen J. Summers},
      year={2006},
      eprint={quant-ph/0601158},
      archivePrefix={arXiv},
      primaryClass={quant-ph},
      url={https://arxiv.org/abs/quant-ph/0601158}, 
}