@Book{MR1681462,
  author    = {Folland, Gerald B.},
  publisher = {John Wiley \& Sons, Inc., New York},
  title     = {Real analysis},
  year      = {1999},
  edition   = {Second},
  isbn      = {0-471-31716-0},
  note      = {Modern techniques and their applications, A Wiley-Interscience Publication},
  series    = {Pure and Applied Mathematics (New York)},
  mrclass   = {00A05 (26-01 28-01 46-01)},
  mrnumber  = {1681462},
  pages     = {xvi+386},
}

@Book{MR2129625,
  author     = {Stein, Elias M. and Shakarchi, Rami},
  publisher  = {Princeton University Press, Princeton, NJ},
  title      = {Real analysis},
  year       = {2005},
  isbn       = {0-691-11386-6},
  note       = {Measure theory, integration, and Hilbert spaces},
  series     = {Princeton Lectures in Analysis},
  volume     = {3},
  mrclass    = {28B15 (00-01 26-01 26A03 26A09 28-01 46-01 47-01)},
  mrnumber   = {2129625},
  mrreviewer = {Steven\ George\ Krantz},
  pages      = {xx+402},
}

@Book{MR1970295,
  author     = {Stein, Elias M. and Shakarchi, Rami},
  publisher  = {Princeton University Press, Princeton, NJ},
  title      = {Fourier analysis},
  year       = {2003},
  isbn       = {0-691-11384-X},
  note       = {An introduction},
  series     = {Princeton Lectures in Analysis},
  volume     = {1},
  mrclass    = {42-01},
  mrnumber   = {1970295},
  mrreviewer = {Steven\ George\ Krantz},
  pages      = {xvi+311},
}

@Book{MR2827930,
  author     = {Stein, Elias M. and Shakarchi, Rami},
  publisher  = {Princeton University Press, Princeton, NJ},
  title      = {Functional analysis},
  year       = {2011},
  isbn       = {978-0-691-11387-6},
  note       = {Introduction to further topics in analysis},
  series     = {Princeton Lectures in Analysis},
  volume     = {4},
  mrclass    = {46-01 (32E99 32W99 60-02)},
  mrnumber   = {2827930},
  mrreviewer = {Stevan\ Pilipovi\'c},
  pages      = {xviii+423},
}

@Book{MR1976398,
  author     = {Stein, Elias M. and Shakarchi, Rami},
  publisher  = {Princeton University Press, Princeton, NJ},
  title      = {Complex analysis},
  year       = {2003},
  isbn       = {0-691-11385-8},
  series     = {Princeton Lectures in Analysis},
  volume     = {2},
  mrclass    = {30-01},
  mrnumber   = {1976398},
  mrreviewer = {Heinrich\ Begehr},
  pages      = {xviii+379},
}

@Book{MR1216137,
  author    = {Lang, Serge},
  publisher = {Springer-Verlag, New York},
  title     = {Real and functional analysis},
  year      = {1993},
  edition   = {Third},
  isbn      = {0-387-94001-4},
  series    = {Graduate Texts in Mathematics},
  volume    = {142},
  doi       = {10.1007/978-1-4612-0897-6},
  mrclass   = {00A05 (26-01 28-01 46-01 47-01 58-01)},
  mrnumber  = {1216137},
  pages     = {xiv+580},
  url       = {https://doi-org-ssl.libproxy.snu.ac.kr/10.1007/978-1-4612-0897-6},
}

@Book{MR1659317,
  author    = {Lang, Serge},
  publisher = {Springer-Verlag, New York},
  title     = {Complex analysis},
  year      = {1999},
  edition   = {Fourth},
  isbn      = {0-387-98592-1},
  series    = {Graduate Texts in Mathematics},
  volume    = {103},
  doi       = {10.1007/978-1-4757-3083-8},
  mrclass   = {30-01},
  mrnumber  = {1659317},
  pages     = {xiv+485},
  url       = {https://doi-org-ssl.libproxy.snu.ac.kr/10.1007/978-1-4757-3083-8},
}

@Book{MR1157815,
  author    = {Rudin, Walter},
  publisher = {McGraw-Hill, Inc., New York},
  title     = {Functional analysis},
  year      = {1991},
  edition   = {Second},
  isbn      = {0-07-054236-8},
  series    = {International Series in Pure and Applied Mathematics},
  mrclass   = {46-01 (47-01)},
  mrnumber  = {1157815},
  pages     = {xviii+424},
}

@Book{MR0924157,
  author    = {Rudin, Walter},
  publisher = {McGraw-Hill Book Co., New York},
  title     = {Real and complex analysis},
  year      = {1987},
  edition   = {Third},
  isbn      = {0-07-054234-1},
  mrclass   = {00A05 (26-01 30-01 46-01)},
  mrnumber  = {924157},
  pages     = {xiv+416},
}

@Book{MR0385023,
  author    = {Rudin, Walter},
  publisher = {McGraw-Hill Book Co., New York-Auckland-D\"usseldorf},
  title     = {Principles of mathematical analysis},
  year      = {1976},
  edition   = {Third},
  series    = {International Series in Pure and Applied Mathematics},
  mrclass   = {26-02},
  mrnumber  = {385023},
  pages     = {x+342},
}

@Book{MR1070713,
  author    = {Conway, John B.},
  publisher = {Springer-Verlag, New York},
  title     = {A course in functional analysis},
  year      = {1990},
  edition   = {Second},
  isbn      = {0-387-97245-5},
  series    = {Graduate Texts in Mathematics},
  volume    = {96},
  mrclass   = {46-01 (47-01)},
  mrnumber  = {1070713},
  pages     = {xvi+399},
}

@Book{MR0695310,
  author    = {Simmons, George F.},
  publisher = {Robert E. Krieger Publishing Co., Inc., Melbourne, FL},
  title     = {Introduction to topology and modern analysis},
  year      = {1983},
  isbn      = {0-89874-551-9},
  note      = {Reprint of the 1963 original},
  mrclass   = {54-01 (46-01)},
  mrnumber  = {695310},
  pages     = {xv+372},
}

@Book{MR1417259,
  author     = {Schechter, Eric},
  publisher  = {Academic Press, Inc., San Diego, CA},
  title      = {Handbook of analysis and its foundations},
  year       = {1997},
  isbn       = {0-12-622760-8},
  mrclass    = {00A20 (00A05 03-01 04-01 46-01 54-01)},
  mrnumber   = {1417259},
  mrreviewer = {James\ Bell\ Cooper},
  pages      = {xxii+883},
}

@Book{MR2977961,
  author    = {Gut, Allan},
  publisher = {Springer, New York},
  title     = {Probability: a graduate course},
  year      = {2013},
  edition   = {Second},
  isbn      = {978-1-4614-4707-8; 978-1-4614-4708-5},
  series    = {Springer Texts in Statistics},
  doi       = {10.1007/978-1-4614-4708-5},
  mrclass   = {60-01 (60F05 60F15 60G42)},
  mrnumber  = {2977961},
  pages     = {xxvi+600},
  url       = {https://doi-org-ssl.libproxy.snu.ac.kr/10.1007/978-1-4614-4708-5},
}

@Comment{jabref-meta: databaseType:bibtex;}
