@Book{MR2015280,
  author     = {Hamhalter, Jan},
  publisher  = {Kluwer Academic Publishers Group, Dordrecht},
  title      = {Quantum measure theory},
  year       = {2003},
  isbn       = {1-4020-1714-6},
  series     = {Fundamental Theories of Physics},
  volume     = {134},
  doi        = {10.1007/978-94-017-0119-8},
  groups     = {quantum logic},
  mrclass    = {46L51 (46G10 46L10 46L89 46N50 81Q10)},
  mrnumber   = {2015280},
  mrreviewer = {J.\ D. Maitland Wright},
  pages      = {viii+410},
  url        = {https://doi-org-ssl.libproxy.snu.ac.kr/10.1007/978-94-017-0119-8},
}