@Article{MR96112,
  author     = {Mackey, George W.},
  journal    = {Amer. Math. Monthly},
  title      = {Quantum mechanics and {H}ilbert space},
  year       = {1957},
  issn       = {0002-9890,1930-0972},
  number     = {8},
  pages      = {45--57},
  volume     = {64},
  doi        = {10.2307/2308516},
  fjournal   = {American Mathematical Monthly},
  groups     = {QM},
  mrclass    = {46.00 (81.00)},
  mrnumber   = {96112},
  mrreviewer = {Chandler\ Davis},
  url        = {https://doi-org-ssl.libproxy.snu.ac.kr/10.2307/2308516},
}
@Book{MR2021668,
  author    = {Mackey, George W.},
  publisher = {Dover Publications, Inc., Mineola, NY},
  title     = {Mathematical foundations of quantum mechanics},
  year      = {2004},
  isbn      = {0-486-43517-2},
  note      = {With a foreword by A. S. Wightman, Reprint of the 1963 original},
  groups    = {QM},
  mrclass   = {81P05 (81-01 81-02)},
  mrnumber  = {2021668},
  pages     = {xii+137},
}
@Article{MR96113,
  author     = {Gleason, Andrew M.},
  journal    = {J. Math. Mech.},
  title      = {Measures on the closed subspaces of a {H}ilbert space},
  year       = {1957},
  pages      = {885--893},
  volume     = {6},
  doi        = {10.1512/iumj.1957.6.56050},
  fjournal   = {J. Math. Mech.},
  groups     = {QM},
  mrclass    = {46.00},
  mrnumber   = {96113},
  mrreviewer = {I.\ E.\ Segal},
  url        = {https://doi-org-ssl.libproxy.snu.ac.kr/10.1512/iumj.1957.6.56050},
}
@InCollection{sep-qt-quantlog,
  author       = {Wilce, Alexander},
  booktitle    = {The {Stanford} Encyclopedia of Philosophy},
  publisher    = {Metaphysics Research Lab, Stanford University},
  title        = {{Quantum Logic and Probability Theory}},
  year         = {2024},
  edition      = {{S}ummer 2024},
  editor       = {Edward N. Zalta and Uri Nodelman},
  groups       = {QM},
  howpublished = {\url{https://plato.stanford.edu/archives/sum2024/entries/qt-quantlog/}},
}
@InCollection{MR2011724,
  author   = {Pitowsky, Itamar},
  title    = {Betting on the outcomes of measurements: a {B}ayesian theory of quantum probability},
  year     = {2003},
  note     = {Quantum information and computation},
  number   = {3},
  pages    = {395--414},
  volume   = {34},
  doi      = {10.1016/S1355-2198(03)00035-2},
  fjournal = {Studies in History and Philosophy of Science. Part B. Studies in History and Philosophy of Modern Physics},
  groups   = {QM},
  issn     = {1355-2198,1879-2502},
  journal  = {Stud. Hist. Philos. Sci. B Stud. Hist. Philos. Modern Phys.},
  mrclass  = {62C10 (81P10)},
  mrnumber = {2011724},
  url      = {https://doi-org-ssl.libproxy.snu.ac.kr/10.1016/S1355-2198(03)00035-2},
}
@InCollection{MR1655087,
  author     = {Pitowsky, Itamar},
  title      = {Constructive quantum mechanics, {G}leason's theorem and the indeterminacy relations},
  year       = {1998},
  note       = {Quantum structures, II (Liptovsk\'y{} J\'an, 1998)},
  pages      = {155--164},
  volume     = {15},
  fjournal   = {Tatra Mountains Mathematical Publications},
  groups     = {QM},
  issn       = {1210-3195,1338-9750},
  journal    = {Tatra Mt. Math. Publ.},
  mrclass    = {81P10 (03G12)},
  mrnumber   = {1655087},
  mrreviewer = {Sylvia\ Pulmannov\'a},
}
@Book{MR2015280,
  author     = {Hamhalter, Jan},
  publisher  = {Kluwer Academic Publishers Group, Dordrecht},
  title      = {Quantum measure theory},
  year       = {2003},
  isbn       = {1-4020-1714-6},
  series     = {Fundamental Theories of Physics},
  volume     = {134},
  doi        = {10.1007/978-94-017-0119-8},
  groups     = {QM},
  mrclass    = {46L51 (46G10 46L10 46L89 46N50 81Q10)},
  mrnumber   = {2015280},
  mrreviewer = {J.\ D. Maitland Wright},
  pages      = {viii+410},
  url        = {https://doi-org-ssl.libproxy.snu.ac.kr/10.1007/978-94-017-0119-8},
}
@Book{Neumann2018,
  author      = {John von Neumann},
  publisher   = {Princeton University Press},
  title       = {Mathematical Foundations of Quantum Mechanics},
  year        = {2018},
  address     = {Princeton},
  isbn        = {9781400889921},
  doi         = {doi:10.1515/9781400889921},
  groups      = {QM},
  lastchecked = {2024-10-02},
  url         = {https://doi.org/10.1515/9781400889921},
}
@Book{MR1256736,
  author     = {Dvure\v{c}enskij, Anatolij},
  publisher  = {Kluwer Academic Publishers Group, Dordrecht; Ister Science Press, Bratislava},
  title      = {Gleason's theorem and its applications},
  year       = {1993},
  isbn       = {0-7923-1990-7},
  series     = {Mathematics and its Applications (East European Series)},
  volume     = {60},
  doi        = {10.1007/978-94-015-8222-3},
  groups     = {QM},
  mrclass    = {46L30 (06C15 46L50 46N50 47N50 81P10)},
  mrnumber   = {1256736},
  mrreviewer = {S.\ Gudder},
  pages      = {xvi+325},
  url        = {https://doi-org-ssl.libproxy.snu.ac.kr/10.1007/978-94-015-8222-3},
}
@Article{MR1503312,
  author   = {Birkhoff, Garrett and von Neumann, John},
  journal  = {Ann. of Math. (2)},
  title    = {The logic of quantum mechanics},
  year     = {1936},
  issn     = {0003-486X,1939-8980},
  number   = {4},
  pages    = {823--843},
  volume   = {37},
  doi      = {10.2307/1968621},
  fjournal = {Annals of Mathematics. Second Series},
  groups   = {QM},
  mrclass  = {99-04},
  mrnumber = {1503312},
  url      = {https://doi-org-ssl.libproxy.snu.ac.kr/10.2307/1968621},
}
@Article{MR2726358,
  author     = {Bub, Jeffrey},
  journal    = {Found. Phys.},
  title      = {Von {N}eumann's `no hidden variables' proof: a re-appraisal},
  year       = {2010},
  issn       = {0015-9018,1572-9516},
  number     = {9-10},
  pages      = {1333--1340},
  volume     = {40},
  doi        = {10.1007/s10701-010-9480-9},
  fjournal   = {Foundations of Physics. An International Journal Devoted to the Conceptual Bases and Fundamental Theories of Modern Physics},
  mrclass    = {81P15 (81P05)},
  mrnumber   = {2726358},
  mrreviewer = {M.\ J.\ M\polhk aczy\'nski},
  url        = {https://doi-org-ssl.libproxy.snu.ac.kr/10.1007/s10701-010-9480-9},
}
@article {MR208927,
    AUTHOR = {Bell, John S.},
     TITLE = {On the problem of hidden variables in quantum mechanics},
   JOURNAL = {Rev. Modern Phys.},
  FJOURNAL = {Reviews of Modern Physics},
    VOLUME = {38},
      YEAR = {1966},
     PAGES = {447--452},
      ISSN = {0034-6861,1539-0756},
   MRCLASS = {81.02},
  MRNUMBER = {208927},
       DOI = {10.1103/RevModPhys.38.447},
       URL = {https://doi-org-ssl.libproxy.snu.ac.kr/10.1103/RevModPhys.38.447},
}
@Book{MR1468229,
  author    = {Kadison, Richard V. and Ringrose, John R.},
  publisher = {American Mathematical Society, Providence, RI},
  title     = {Fundamentals of the theory of operator algebras. {V}ol. {I}},
  year      = {1997},
  isbn      = {0-8218-0819-2},
  note      = {Elementary theory, Reprint of the 1983 original},
  series    = {Graduate Studies in Mathematics},
  volume    = {15},
  doi       = {10.1090/gsm/015},
  groups    = {operator algebra},
  mrclass   = {46-01 (46-02 46Lxx 47-01 47-02 47Dxx)},
  mrnumber  = {1468229},
  pages     = {xvi+398},
  url       = {https://doi-org-ssl.libproxy.snu.ac.kr/10.1090/gsm/015},
}
@incollection {MR1655087,
    AUTHOR = {Pitowsky, Itamar},
     TITLE = {Constructive quantum mechanics, {G}leason's theorem and the
              indeterminacy relations},
      NOTE = {Quantum structures, II (Liptovsk\'y{} J\'an, 1998)},
   JOURNAL = {Tatra Mt. Math. Publ.},
  FJOURNAL = {Tatra Mountains Mathematical Publications},
    VOLUME = {15},
      YEAR = {1998},
     PAGES = {155--164},
      ISSN = {1210-3195,1338-9750},
   MRCLASS = {81P10 (03G12)},
  MRNUMBER = {1655087},
MRREVIEWER = {Sylvia\ Pulmannov\'a},
}
@Article{Cooke1985,
  author  = {Cooke, Roger and Keane, Michael and Moran, William},
  journal = {Mathematical Proceedings of the Cambridge Philosophical Society},
  title   = {An elementary proof of Gleason’s theorem},
  year    = {1985},
  number  = {1},
  pages   = {117–128},
  volume  = {98},
  doi     = {10.1017/S0305004100063313},
}